@misc{ammerRTG2020,
  title = {{{RTG}} 2300 \textendash{} {{Study}} Design, Location, Topography and Climatic Conditions of Research Plots in 2020},
  author = {Ammer, Christian and Annigh{\"o}fer, Peter and Balkenhol, Niko and Hertel, Dietrich and Leuschner, Christoph and Polle, Andrea and Lamersdorf, Norbert and Scheu, Stefan and Glatthorn, Jonas},
  year = {2020},
  month = sep,
  journal = {PANGAEA},
  publisher = {{PANGAEA}},
  doi = {10.1594/PANGAEA.923125},
  urldate = {2023-04-03},
  copyright = {info:eu-repo/semantics/openAccess},
  langid = {english}
}

@misc{betancourtConceptual2018,
  title = {A {{Conceptual Introduction}} to {{Hamiltonian Monte Carlo}}},
  author = {Betancourt, Michael},
  year = {2018},
  month = jul,
  number = {arXiv:1701.02434},
  eprint = {1701.02434},
  primaryclass = {stat},
  publisher = {{arXiv}},
  doi = {10.48550/arXiv.1701.02434},
  urldate = {2023-04-05},
  archiveprefix = {arxiv}
}

@misc{bradburyJAX2023,
  title = {{{JAX}}: Composable Transformations of {{Python}}+{{NumPy}} Programs},
  author = {Bradbury, James and Frostig, Roy and Hawkins, Peter and Johnson, Matthew James and Leary, Chris and Maclaurin, Dougal and Necula, George and Paszke, Adam and VanderPlas, Jake and {Wanderman-Milne}, Skye and Zhang, Qiao},
  year = {2023}
}

@book{braun-blanquetPflanzensoziologie1951,
  title = {{Pflanzensoziologie: Grundz\"uge der Vegetationskunde}},
  author = {{Braun-Blanquet}, Josias},
  year = {1951},
  publisher = {{Springer}},
  address = {{Vienna}},
  doi = {10.1007/978-3-7091-4078-9},
  urldate = {2023-04-03},
  isbn = {978-3-7091-4079-6 978-3-7091-4078-9},
  langid = {ngerman}
}

@article{budgeEmpirical2010,
  title = {Empirical {{Analysis}} of {{Ambulance Travel Times}}: {{The Case}} of {{Calgary Emergency Medical Services}}},
  shorttitle = {Empirical {{Analysis}} of {{Ambulance Travel Times}}},
  author = {Budge, Susan and Ingolfsson, Armann and Zerom, Dawit},
  year = {2010},
  journal = {Management Science},
  volume = {56},
  number = {4},
  eprint = {27784147},
  eprinttype = {jstor},
  pages = {716--723},
  publisher = {{INFORMS}},
  issn = {0025-1909},
  urldate = {2023-04-09}
}

@book{cameronRegression2013,
  title = {Regression {{Analysis}} of {{Count Data}}},
  author = {Cameron, Adrian Colin and Trivedi, Pravin K.},
  year = {2013},
  series = {Econometric {{Society Monographs}}},
  edition = {Second},
  publisher = {{Cambridge University Press}},
  address = {{Cambridge}},
  doi = {10.1017/CBO9781139013567},
  urldate = {2023-04-07},
  isbn = {978-1-107-01416-9}
}

@incollection{colwellBiodiversity2009,
  title = {Biodiversity: {{Concepts}}, {{Patterns}}, and {{Measurement}}},
  shorttitle = {Biodiversity},
  booktitle = {The {{Princeton Guide}} to {{Ecology}}},
  author = {Colwell, Robert K.},
  editor = {Levin, Simon A. and Carpenter, Stephen R. and Godfray, H. Charles J. and Kinzig, Ann P. and Loreau, Michel and Losos, Jonathan B. and Walker, Brian and Wilcove, David S.},
  year = {2009},
  month = jul,
  pages = {257--263},
  publisher = {{Princeton University Press}},
  address = {{Princeton}},
  doi = {10.1515/9781400833023.257},
  urldate = {2023-04-08},
  isbn = {978-1-4008-3302-3},
  langid = {english}
}

@book{cressieStatistics1993,
  title = {Statistics for {{Spatial Data}}},
  shorttitle = {Statistics for {{Spatial Data}}},
  author = {Cressie, Noel A. C.},
  year = {1993},
  month = sep,
  series = {Wiley {{Series}} in {{Probability}} and {{Statistics}}},
  publisher = {{John Wiley \& Sons, Inc.}},
  address = {{Hoboken, NJ, USA}},
  doi = {10.1002/9781119115151},
  urldate = {2023-04-03},
  isbn = {978-1-119-11515-1 978-0-471-00255-0}
}

@article{devarajanMultispecies2020,
  title = {Multi-Species Occupancy Models: Review, Roadmap, and Recommendations},
  shorttitle = {Multi-Species Occupancy Models},
  author = {Devarajan, Kadambari and Morelli, Toni Lyn and Tenan, Simone},
  year = {2020},
  journal = {Ecography},
  volume = {43},
  number = {11},
  pages = {1612--1624},
  issn = {1600-0587},
  doi = {10.1111/ecog.04957},
  urldate = {2023-04-03},
  langid = {english}
}

@article{dorazioEstimating2005,
  title = {Estimating {{Size}} and {{Composition}} of {{Biological Communities}} by {{Modeling}} the {{Occurrence}} of {{Species}}},
  author = {Dorazio, Robert M. and Royle, Jeffrey Andrew},
  year = {2005},
  month = jun,
  journal = {Journal of the American Statistical Association},
  volume = {100},
  number = {470},
  pages = {389--398},
  publisher = {{Taylor \& Francis}},
  issn = {0162-1459},
  doi = {10.1198/016214505000000015},
  urldate = {2023-03-27}
}

@article{eilersFlexible1996,
  title = {Flexible Smoothing with {{B-splines}} and Penalties},
  author = {Eilers, Paul H. C. and Marx, Brian D.},
  year = {1996},
  month = may,
  journal = {Statistical Science},
  volume = {11},
  number = {2},
  pages = {89--121},
  publisher = {{Institute of Mathematical Statistics}},
  issn = {2168-8745},
  doi = {10.1214/ss/1038425655},
  urldate = {2023-04-08}
}

@article{fahrmeirPenalized2004,
  title = {Penalized {{Structured Additive Regression}} for {{Space-Time Data}}: {{A Bayesian Perspective}}},
  shorttitle = {Penalized {{Structured Additive Regression}} for {{Space-Time Data}}},
  author = {Fahrmeir, Ludwig and Kneib, Thomas and Lang, Stefan},
  year = {2004},
  journal = {Statistica Sinica},
  volume = {14},
  number = {3},
  eprint = {24307414},
  eprinttype = {jstor},
  pages = {731--761},
  publisher = {{Institute of Statistical Science, Academia Sinica}},
  issn = {1017-0405},
  urldate = {2023-04-03}
}

@book{fahrmeirRegression2013,
  title = {Regression: {{Models}}, {{Methods}} and {{Applications}}},
  shorttitle = {Regression},
  author = {Fahrmeir, Ludwig and Kneib, Thomas and Lang, Stefan and Marx, Brian},
  year = {2013},
  publisher = {{Springer}},
  address = {{Berlin, Heidelberg}},
  doi = {10.1007/978-3-642-34333-9},
  urldate = {2023-04-03},
  isbn = {978-3-642-34333-9},
  langid = {english}
}

@misc{foltranDouglas2022,
  title = {Douglas Fir and {{Norway}} Spruce Admixtures to Beech Forests along in {{Northern Germany}} \textendash{} {{Are}} Soil Nutrient Conditions Affected?},
  author = {Foltran, Estela Covre and Ammer, Christian and Lamersdorf, Norbert},
  year = {2022},
  month = mar,
  primaryclass = {Confirmatory Results},
  pages = {2020.09.25.313213},
  publisher = {{bioRxiv}},
  doi = {10.1101/2020.09.25.313213},
  urldate = {2023-04-03},
  archiveprefix = {bioRxiv},
  chapter = {Confirmatory Results},
  copyright = {\textcopyright{} 2022, Posted by Cold Spring Harbor Laboratory. This pre-print is available under a Creative Commons License (Attribution-NonCommercial-NoDerivs 4.0 International), CC BY-NC-ND 4.0, as described at http://creativecommons.org/licenses/by-nc-nd/4.0/},
  langid = {english}
}

@article{gamermanSampling1997,
  title = {Sampling from the Posterior Distribution in Generalized Linear Mixed Models},
  author = {Gamerman, Dani},
  year = {1997},
  month = mar,
  journal = {Statistics and Computing},
  volume = {7},
  number = {1},
  pages = {57--68},
  issn = {1573-1375},
  doi = {10.1023/A:1018509429360},
  urldate = {2023-04-03},
  langid = {english}
}

@article{gelmanPrior2006,
  title = {Prior Distributions for Variance Parameters in Hierarchical Models (Comment on Article by {{Browne}} and {{Draper}})},
  author = {Gelman, Andrew},
  year = {2006},
  month = sep,
  journal = {Bayesian Analysis},
  volume = {1},
  number = {3},
  pages = {515--534},
  publisher = {{International Society for Bayesian Analysis}},
  issn = {1936-0975, 1931-6690},
  doi = {10.1214/06-BA117A},
  urldate = {2023-04-08}
}

@article{glatthornSpatially2021,
  title = {A Spatially Explicit Index for Tree Species or Trait Diversity at Neighborhood and Stand Level},
  author = {Glatthorn, Jonas},
  year = {2021},
  month = nov,
  journal = {Ecological Indicators},
  volume = {130},
  pages = {108073},
  issn = {1470-160X},
  doi = {10.1016/j.ecolind.2021.108073},
  urldate = {2023-03-16},
  langid = {english}
}

@article{glatthornSpecies2023,
  title = {Species Diversity of Forest Floor Biota in Non-Native {{Douglas-fir}} Stands Is Similar to That of Native Stands},
  author = {Glatthorn, Jonas and Appleby, Scott and Balkenhol, Niko and Kriegel, Peter and Likulunga, Likulunga Emmanuel and Lu, Jing-Zhong and Matevski, Dragan and Polle, Andrea and Riebl, Hannes and Rivera P{\'e}rez, Carmen Alicia and Scheu, Stefan and Seinsche, Alexander and Schall, Peter and Schuldt, Andreas and Wingender, Severin and Ammer, Christian},
  year = {2023},
  journal = {Ecosphere},
  volume = {14},
  number = {7},
  pages = {e4609},
  issn = {2150-8925},
  doi = {10.1002/ecs2.4609},
  urldate = {2023-08-07},
  copyright = {\textcopyright{} 2023 The Authors. Ecosphere published by Wiley Periodicals LLC on behalf of The Ecological Society of America.},
  langid = {english}
}

@book{hastieElements2009,
  title = {The {{Elements}} of {{Statistical Learning}}},
  author = {Hastie, Trevor and Tibshirani, Robert and Friedman, Jerome},
  year = {2009},
  series = {Springer {{Series}} in {{Statistics}}},
  publisher = {{Springer}},
  address = {{New York}},
  doi = {10.1007/978-0-387-84858-7},
  urldate = {2023-04-08},
  isbn = {978-0-387-84858-7}
}

@article{hawkinsIncreasing2013,
  title = {Increasing Influence of Heat Stress on {{French}} Maize Yields from the 1960s to the 2030s},
  author = {Hawkins, Ed and Fricker, Thomas E. and Challinor, Andrew J. and Ferro, Christopher A. T. and Ho, Chun Kit and Osborne, Tom M.},
  year = {2013},
  journal = {Global Change Biology},
  volume = {19},
  number = {3},
  pages = {937--947},
  issn = {1365-2486},
  doi = {10.1111/gcb.12069},
  urldate = {2023-04-09},
  langid = {english}
}

@article{hillDiversity1973,
  title = {Diversity and {{Evenness}}: {{A Unifying Notation}} and {{Its Consequences}}},
  shorttitle = {Diversity and {{Evenness}}},
  author = {Hill, M. O.},
  year = {1973},
  journal = {Ecology},
  volume = {54},
  number = {2},
  eprint = {1934352},
  eprinttype = {jstor},
  pages = {427--432},
  publisher = {{Ecological Society of America}},
  issn = {0012-9658},
  doi = {10.2307/1934352},
  urldate = {2023-04-08}
}

@article{hoffmanNoUTurn2014,
  title = {The {{No-U-Turn Sampler}}: {{Adaptively Setting Path Lengths}} in {{Hamiltonian Monte Carlo}}},
  shorttitle = {The {{No-U-Turn Sampler}}},
  author = {Hoffman, Matthew D. and Gelman, Andrew},
  year = {2014},
  journal = {Journal of Machine Learning Research},
  volume = {15},
  number = {47},
  pages = {1593--1623},
  issn = {1533-7928},
  urldate = {2023-03-23}
}

@techreport{ipbesGlobal2019,
  title = {Global Assessment Report on Biodiversity and Ecosystem Services of the {{Intergovernmental Science-Policy Platform}} on {{Biodiversity}} and {{Ecosystem Services}}},
  author = {{Intergovernmental Science-Policy Platform on Biodiversity {and} Ecosystem Services}},
  year = {2019},
  month = may,
  institution = {{Zenodo}},
  doi = {10.5281/zenodo.6417333},
  urldate = {2023-04-10},
  langid = {english}
}

@article{kammannGeoadditive2003,
  title = {Geoadditive Models},
  author = {Kammann, Erin E. and Wand, Matthew P.},
  year = {2003},
  journal = {Journal of the Royal Statistical Society: Series C (Applied Statistics)},
  volume = {52},
  number = {1},
  pages = {1--18},
  issn = {1467-9876},
  doi = {10.1111/1467-9876.00385},
  urldate = {2023-04-03},
  langid = {english}
}

@article{katzfussGeneral2021,
  title = {A {{General Framework}} for {{Vecchia Approximations}} of {{Gaussian Processes}}},
  author = {Katzfuss, Matthias and Guinness, Joseph},
  year = {2021},
  month = feb,
  journal = {Statistical Science},
  volume = {36},
  number = {1},
  pages = {124--141},
  publisher = {{Institute of Mathematical Statistics}},
  issn = {2168-8745},
  doi = {10.1214/19-STS755},
  urldate = {2023-04-08}
}

@book{keryBayesian2012,
  title = {Bayesian {{Population Analysis}} Using {{WinBUGS}}: {{A Hierarchical Perspective}}},
  author = {K{\'e}ry, Marc and Schaub, Michael},
  year = {2012},
  publisher = {{Elsevier}},
  doi = {10.1016/C2010-0-68368-4},
  urldate = {2023-04-09},
  isbn = {978-0-12-387020-9},
  langid = {english}
}

@article{khondokerComparison2007,
  title = {{A Comparison of Parametric and Nonparametric Methods for Normalising cDNA Microarray Data}},
  author = {Khondoker, Mizanur R. and Glasbey, Chris A. and Worton, Bruce J.},
  year = {2007},
  journal = {Biometrical Journal},
  volume = {49},
  number = {6},
  pages = {815--823},
  issn = {1521-4036},
  doi = {10.1002/bimj.200610338},
  urldate = {2023-04-09},
  langid = {french}
}

@article{kleinCount2015,
  title = {Bayesian {{Generalized Additive Models}} for {{Location}}, {{Scale}}, and {{Shape}} for {{Zero-Inflated}} and {{Overdispersed Count Data}}},
  author = {Klein, Nadja and Kneib, Thomas and Lang, Stefan},
  year = {2015},
  month = jan,
  journal = {Journal of the American Statistical Association},
  volume = {110},
  number = {509},
  pages = {405--419},
  publisher = {{Taylor \& Francis}},
  issn = {0162-1459},
  doi = {10.1080/01621459.2014.912955},
  urldate = {2023-04-09}
}

@article{kleinMultivariate2015,
  title = {Bayesian {{Structured Additive Distributional Regression}} for {{Multivariate Responses}}},
  author = {Klein, Nadja and Kneib, Thomas and Klasen, Stephan and Lang, Stefan},
  year = {2015},
  month = aug,
  journal = {Journal of the Royal Statistical Society: Series C (Applied Statistics)},
  volume = {64},
  number = {4},
  pages = {569--591},
  issn = {0035-9254},
  doi = {10.1111/rssc.12090},
  urldate = {2023-04-09}
}

@article{kleinScaleDependent2016,
  title = {Scale-{{Dependent Priors}} for {{Variance Parameters}} in {{Structured Additive Distributional Regression}}},
  author = {Klein, Nadja and Kneib, Thomas},
  year = {2016},
  month = dec,
  journal = {Bayesian Analysis},
  volume = {11},
  number = {4},
  pages = {1071--1106},
  publisher = {{International Society for Bayesian Analysis}},
  issn = {1936-0975, 1931-6690},
  doi = {10.1214/15-BA983},
  urldate = {2023-04-03}
}

@article{kleinSimultaneous2016,
  title = {Simultaneous Inference in Structured Additive Conditional Copula Regression Models: A Unifying {{Bayesian}} Approach},
  shorttitle = {Simultaneous Inference in Structured Additive Conditional Copula Regression Models},
  author = {Klein, Nadja and Kneib, Thomas},
  year = {2016},
  month = jul,
  journal = {Statistics and Computing},
  volume = {26},
  number = {4},
  pages = {841--860},
  issn = {1573-1375},
  doi = {10.1007/s11222-015-9573-6},
  urldate = {2023-04-09},
  langid = {english}
}

@article{lambertZeroInflated1992,
  title = {Zero-{{Inflated Poisson Regression}}, with an {{Application}} to {{Defects}} in {{Manufacturing}}},
  author = {Lambert, Diane},
  year = {1992},
  journal = {Technometrics},
  volume = {34},
  number = {1},
  eprint = {1269547},
  eprinttype = {jstor},
  pages = {1--14},
  publisher = {{[Taylor \& Francis, Ltd., American Statistical Association, American Society for Quality]}},
  issn = {0040-1706},
  doi = {10.2307/1269547},
  urldate = {2023-04-07}
}

@article{langBayesian2004,
  title = {Bayesian {{P-Splines}}},
  author = {Lang, Stefan and Brezger, Andreas},
  year = {2004},
  month = mar,
  journal = {Journal of Computational and Graphical Statistics},
  volume = {13},
  number = {1},
  pages = {183--212},
  publisher = {{Taylor \& Francis}},
  issn = {1061-8600},
  doi = {10.1198/1061860043010},
  urldate = {2023-04-08}
}

@phdthesis{luCommunity2021,
  title = {Community Structure and Guild Patterns of Soil Decomposers in Pure and Mixed Forests of {{European}} Beech, {{Norway}} Spruce and {{Douglas}} Fir},
  author = {Lu, Jingzhong},
  year = {2021},
  month = oct,
  doi = {10.53846/goediss-8908},
  urldate = {2023-04-03},
  copyright = {http://creativecommons.org/licenses/by-nc-nd/4.0/},
  isbn = {9781775688136},
  langid = {english},
  school = {University of G\"ottingen},
  annotation = {Accepted: 2021-10-28T12:25:55Z}
}

@article{macfadyenImproved1961,
  title = {Improved {{Funnel-Type Extractors}} for {{Soil Arthropods}}},
  author = {Macfadyen, Amyan},
  year = {1961},
  journal = {Journal of Animal Ecology},
  volume = {30},
  number = {1},
  eprint = {2120},
  eprinttype = {jstor},
  pages = {171--184},
  publisher = {{[Wiley, British Ecological Society]}},
  issn = {0021-8790},
  doi = {10.2307/2120},
  urldate = {2023-04-03}
}

@article{mackenzieInvestigating2004,
  title = {Investigating Species Co-Occurrence Patterns When Species Are Detected Imperfectly},
  author = {MacKenzie, Darryl I. and Bailey, Larissa L. and Nichols, {\relax James}. D.},
  year = {2004},
  journal = {Journal of Animal Ecology},
  volume = {73},
  number = {3},
  pages = {546--555},
  issn = {1365-2656},
  doi = {10.1111/j.0021-8790.2004.00828.x},
  urldate = {2023-03-27},
  langid = {english}
}

@article{michaelisBayesian2018,
  title = {Bayesian {{Multivariate Distributional Regression With Skewed Responses}} and {{Skewed Random Effects}}},
  author = {Michaelis, Patrick and Klein, Nadja and Kneib, Thomas},
  year = {2018},
  month = jul,
  journal = {Journal of Computational and Graphical Statistics},
  volume = {27},
  number = {3},
  pages = {602--611},
  publisher = {{Taylor \& Francis}},
  issn = {1061-8600},
  doi = {10.1080/10618600.2017.1395343},
  urldate = {2023-04-09}
}

@article{mullahySpecification1986,
  title = {Specification and Testing of Some Modified Count Data Models},
  author = {Mullahy, John},
  year = {1986},
  month = dec,
  journal = {Journal of Econometrics},
  volume = {33},
  number = {3},
  pages = {341--365},
  issn = {0304-4076},
  doi = {10.1016/0304-4076(86)90002-3},
  urldate = {2023-04-07},
  langid = {english}
}

@incollection{nealMCMC2011,
  title = {{{MCMC Using Hamiltonian Dynamics}}},
  booktitle = {Handbook of {{Markov Chain Monte Carlo}}},
  author = {Neal, Radford M.},
  year = {2011},
  publisher = {{Chapman and Hall/CRC}},
  address = {{New York}},
  isbn = {978-0-429-13850-8}
}

@article{nelderGeneralized1972,
  title = {Generalized {{Linear Models}}},
  author = {Nelder, John A. and Wedderburn, Robert W. M.},
  year = {1972},
  journal = {Journal of the Royal Statistical Society. Series A (General)},
  volume = {135},
  number = {3},
  eprint = {2344614},
  eprinttype = {jstor},
  pages = {370--384},
  publisher = {{[Royal Statistical Society, Wiley]}},
  issn = {0035-9238},
  doi = {10.2307/2344614},
  urldate = {2023-04-09}
}

@article{nesterovPrimaldual2009,
  title = {Primal-Dual Subgradient Methods for Convex Problems},
  author = {Nesterov, Yurii},
  year = {2009},
  month = aug,
  journal = {Mathematical Programming},
  volume = {120},
  number = {1},
  pages = {221--259},
  issn = {1436-4646},
  doi = {10.1007/s10107-007-0149-x},
  urldate = {2023-04-05},
  langid = {english}
}

@book{rasmussenGaussian2005,
  title = {Gaussian {{Processes}} for {{Machine Learning}}},
  author = {Rasmussen, Carl Edward and Williams, Christopher K. I.},
  year = {2005},
  month = nov,
  doi = {10.7551/mitpress/3206.001.0001},
  urldate = {2023-04-03},
  langid = {english}
}

@misc{rieblLiesel2022,
  title = {Liesel: {{A Probabilistic Programming Framework}} for {{Developing Semi-Parametric Regression Models}} and {{Custom Bayesian Inference Algorithms}}},
  shorttitle = {Liesel},
  author = {Riebl, Hannes and Wiemann, Paul F. V. and Kneib, Thomas},
  year = {2022},
  month = sep,
  number = {arXiv:2209.10975},
  eprint = {2209.10975},
  primaryclass = {stat},
  publisher = {{arXiv}},
  doi = {10.48550/arXiv.2209.10975},
  urldate = {2023-03-16},
  archiveprefix = {arxiv}
}

@book{rigbyDistributions2019,
  title = {Distributions for {{Modeling Location}}, {{Scale}}, and {{Shape}}: {{Using GAMLSS}} in {{R}}},
  shorttitle = {Distributions for {{Modeling Location}}, {{Scale}}, and {{Shape}}},
  author = {Rigby, Robert A. and Stasinopoulos, Mikis D. and Heller, Gillian Z. and Bastiani, Fernanda De},
  year = {2019},
  month = oct,
  publisher = {{Chapman and Hall/CRC}},
  address = {{New York}},
  doi = {10.1201/9780429298547},
  isbn = {978-0-429-29854-7}
}

@article{rigbyGeneralized2005,
  title = {Generalized Additive Models for Location, Scale and Shape},
  author = {Rigby, Robert A. and Stasinopoulos, Mikis D.},
  year = {2005},
  journal = {Journal of the Royal Statistical Society: Series C (Applied Statistics)},
  volume = {54},
  number = {3},
  pages = {507--554},
  issn = {1467-9876},
  doi = {10.1111/j.1467-9876.2005.00510.x},
  urldate = {2023-04-03},
  langid = {english}
}

@article{rodriguesCOM2009,
  title = {{{COM}}\textendash{{Poisson}} Cure Rate Survival Models and an Application to a Cutaneous Melanoma Data},
  author = {Rodrigues, Josemar and {de Castro}, M{\'a}rio and Cancho, Vicente G. and Balakrishnan, Narayanaswamy},
  year = {2009},
  month = oct,
  journal = {Journal of Statistical Planning and Inference},
  volume = {139},
  number = {10},
  pages = {3605--3611},
  issn = {0378-3758},
  doi = {10.1016/j.jspi.2009.04.014},
  urldate = {2023-04-09},
  langid = {english}
}

@article{rotaMultispecies2016,
  title = {A Multispecies Occupancy Model for Two or More Interacting Species},
  author = {Rota, Christopher T. and Ferreira, Marco A. R. and Kays, Roland W. and Forrester, Tavis D. and Kalies, Elizabeth L. and McShea, William J. and Parsons, Arielle W. and Millspaugh, Joshua J.},
  year = {2016},
  journal = {Methods in Ecology and Evolution},
  volume = {7},
  number = {10},
  pages = {1164--1173},
  issn = {2041-210X},
  doi = {10.1111/2041-210X.12587},
  urldate = {2023-04-03},
  langid = {english}
}

@book{rueGaussian2005,
  title = {Gaussian {{Markov Random Fields}}: {{Theory}} and {{Applications}}},
  shorttitle = {Gaussian {{Markov Random Fields}}},
  author = {Rue, Havard and Held, Leonhard},
  year = {2005},
  month = feb,
  publisher = {{Chapman and Hall/CRC}},
  address = {{New York}},
  doi = {10.1201/9780203492024},
  isbn = {978-0-429-20882-9}
}

@article{shannonMathematical1948,
  title = {A Mathematical Theory of Communication},
  author = {Shannon, Claude E.},
  year = {1948},
  month = oct,
  journal = {The Bell System Technical Journal},
  volume = {27},
  number = {4},
  pages = {623--656},
  issn = {0005-8580},
  doi = {10.1002/j.1538-7305.1948.tb00917.x}
}

@article{stasinopoulosGAMLSS2018,
  title = {{{GAMLSS}}: {{A}} Distributional Regression Approach},
  shorttitle = {{{GAMLSS}}},
  author = {Stasinopoulos, Mikis D. and Rigby, Robert A. and Bastiani, Fernanda De},
  year = {2018},
  month = jun,
  journal = {Statistical Modelling},
  volume = {18},
  number = {3-4},
  pages = {248--273},
  publisher = {{SAGE Publications India}},
  issn = {1471-082X},
  doi = {10.1177/1471082X18759144},
  urldate = {2023-03-27},
  langid = {english}
}

@misc{tangeGNU2023,
  title = {{{GNU}} Parallel 20230322 ('arrest Warrant')},
  author = {Tange, Ole},
  year = {2023},
  month = mar,
  doi = {10.5281/zenodo.7761866},
  howpublished = {Zenodo}
}

@article{umlaufPrimer2018,
  title = {A Primer on {{Bayesian}} Distributional Regression},
  author = {Umlauf, Nikolaus and Kneib, Thomas},
  year = {2018},
  month = jun,
  journal = {Statistical Modelling},
  volume = {18},
  number = {3-4},
  pages = {219--247},
  publisher = {{SAGE Publications India}},
  issn = {1471-082X},
  doi = {10.1177/1471082X18759140},
  urldate = {2023-03-27},
  langid = {english}
}

@article{villariniFlood2009,
  title = {Flood Frequency Analysis for Nonstationary Annual Peak Records in an Urban Drainage Basin},
  author = {Villarini, Gabriele and Smith, James A. and Serinaldi, Francesco and Bales, Jerad and Bates, Paul D. and Krajewski, Witold F.},
  year = {2009},
  month = aug,
  journal = {Advances in Water Resources},
  volume = {32},
  number = {8},
  pages = {1255--1266},
  issn = {0309-1708},
  doi = {10.1016/j.advwatres.2009.05.003},
  urldate = {2023-04-09},
  langid = {english}
}

@article{voudourisEconomic2015,
  title = {The Economic Growth Enigma Revisited: {{The EU-15}} since the 1970s},
  shorttitle = {The Economic Growth Enigma Revisited},
  author = {Voudouris, Vlasios and Ayres, Robert and Serrenho, Andre Cabrera and Kiose, Daniil},
  year = {2015},
  month = nov,
  journal = {Energy Policy},
  volume = {86},
  pages = {812--832},
  issn = {0301-4215},
  doi = {10.1016/j.enpol.2015.04.027},
  urldate = {2023-04-09},
  langid = {english}
}

@article{waddleNew2010,
  title = {A New Parameterization for Estimating Co-Occurrence of Interacting Species},
  author = {Waddle, James Hardin and Dorazio, Robert M. and Walls, Susan C. and Rice, Kenneth G. and Beauchamp, Jeff and Schuman, Melinda J. and Mazzotti, Frank J.},
  year = {2010},
  journal = {Ecological Applications},
  volume = {20},
  number = {5},
  pages = {1467--1475},
  issn = {1939-5582},
  doi = {10.1890/09-0850.1},
  urldate = {2023-03-28},
  langid = {english}
}

@article{whittakerScale2001,
  title = {Scale and Species Richness: Towards a General, Hierarchical Theory of Species Diversity},
  shorttitle = {Scale and Species Richness},
  author = {Whittaker, Robert J. and Willis, Katherine J. and Field, Richard},
  year = {2001},
  journal = {Journal of Biogeography},
  volume = {28},
  number = {4},
  pages = {453--470},
  issn = {1365-2699},
  doi = {10.1046/j.1365-2699.2001.00563.x},
  urldate = {2023-04-08},
  langid = {english}
}

@article{whittakerVegetation1960,
  title = {Vegetation of the {{Siskiyou Mountains}}, {{Oregon}} and {{California}}},
  author = {Whittaker, Robert H.},
  year = {1960},
  journal = {Ecological Monographs},
  volume = {30},
  number = {3},
  eprint = {1943563},
  eprinttype = {jstor},
  pages = {279--338},
  publisher = {{Ecological Society of America}},
  issn = {0012-9615},
  doi = {10.2307/1943563},
  urldate = {2023-04-08}
}

@book{woodGeneralized2017,
  title = {Generalized {{Additive Models}}: {{An Introduction}} with {{R}}, {{Second Edition}}},
  shorttitle = {Generalized {{Additive Models}}},
  author = {Wood, Simon N.},
  year = {2017},
  month = may,
  edition = {Second},
  publisher = {{Chapman and Hall/CRC}},
  address = {{New York}},
  doi = {10.1201/9781315370279},
  isbn = {978-1-315-37027-9}
}

@book{yeeVector2015,
  title = {Vector {{Generalized Linear}} and {{Additive Models}}: {{With}} an {{Implementation}} in {{R}}},
  shorttitle = {Vector {{Generalized Linear}} and {{Additive Models}}},
  author = {Yee, Thomas W.},
  year = {2015},
  series = {Springer {{Series}} in {{Statistics}}},
  publisher = {{Springer}},
  address = {{New York}},
  doi = {10.1007/978-1-4939-2818-7},
  urldate = {2023-04-03},
  isbn = {978-1-4939-2818-7},
  langid = {english}
}
